@misc{sfia2021,
    author = "{SFIA}",
    title = "{Skills Framework for the Information Age}",
    year = 2021,
    note = "See \url{https://sfia-online.org/en/sfia-8}"
}

@book{pressman2014,
    author = "R. S. Pressman and B. R. Maxim",
    title = "{Software Engineering: A Practitioner's Approach}",
    year = 2014,
    publisher = "McGraw-Hill Education"
}

@book{sommerville2016,
    author = "I. Sommerville",
    title = "{Software Engineering}",
    year = 2016,
    publisher = "Pearson Education"
}

@book{stallings2018,
    author = "W. Stallings, L. Brown, and M. D. Bauer",
    title = "{Computer Security: Principles and Practice}",
    year = 2018,
    publisher = "Pearson Education"
}

@book{whitman2017,
    author = "M. E. Whitman and H. J. Mattord",
    title = "{Principles of Information Security}",
    year = 2017,
    publisher = "Cengage Learning"
}

@book{provost2013,
    author = "F. Provost and T. Fawcett",
    title = "{Data Science for Business: What You Need to Know about Data Mining and Data-Analytic Thinking}",
    year = 2013,
    publisher = "O'Reilly Media"
}

@article{mcafee2012,
    author = "A. McAfee and E. Brynjolfsson",
    title = "{Big Data: The Management Revolution}",
    journal = "Harvard Business Review",
    year = 2012
}